
@misc{Top500,
  howpublished = {http://www.top500.org/},
  title = {Top 500 Supercomputer Sites},
  author = {Top500},
  year = {2013},
}

@TechReport{brandt1984,
  author = "Achi Brandt",
  title = "Multigrid Techniques: 1984 Guide with Applications for Fluid Dynamics",
  institution = "Gesellschaft fur Mathematik und Dataenverarbeitung",
  number = "GMD-Studien Nr. 85",
  year = 1984
}

@article{Adams-10a,
	Author = {Mark F. Adams and Ravi Samtaney and Achi Brandt},
	Doi = {DOI: 10.1016/j.jcp.2010.04.024},
	Issn = {0021-9991},
	Journal = {Journal of Computational Physics},
	Keywords = {Implicit magnetohydrodynamics},
	Number = {18},
	Pages = {6208 - 6219},
	Title = {Toward textbook multigrid efficiency for fully implicit resistive magnetohydrodynamics},
	Url = {http://www.sciencedirect.com/science/article/B6WHY-4YY8N52-2/2/4a06d49560a7f24a4da5bb25d0c75d62},
	Volume = {229},
	Year = {2010},
	Bdsk-Url-1 = {http://www.sciencedirect.com/science/article/B6WHY-4YY8N52-2/2/4a06d49560a7f24a4da5bb25d0c75d62},
	Bdsk-Url-2 = {http://dx.doi.org/10.1016/j.jcp.2010.04.024}}

@inproceedings{strohmaier2004architecture,
  title={Architecture independent performance characterization and benchmarking for scientific applications},
  author={Strohmaier, Erich and Shan, Hongzhang},
  booktitle={Modeling, Analysis, and Simulation of Computer and Telecommunications Systems, 2004.(MASCOTS 2004). Proceedings. The IEEE Computer Society's 12th Annual International Symposium on},
  pages={467--474},
  year={2004},
  organization={IEEE}
}

@TECHREPORT{SCALES_2003,
author = {Phillip Colella and Thom H. Dunning and Jr., William D. Gropp and David E. Keyes},
title = {A SCIENCE-BASED CASE FOR LARGE-SCALE SIMULATION},
institution= {DOE},
year = 2003,
url=http://www.pnl.gov/scales
}

@article{strohmaier2009generalized,
  title={Generalized utility metrics for supercomputers},
  author={Strohmaier, Erich},
  journal={Computer Science-Research and Development},
  volume={23},
  number={3-4},
  pages={185--193},
  year={2009},
  publisher={Springer}
}

@TECHREPORT{Dongarra_2013,
author = {J. Dongarra and M.A. Heroux},
title = {Toward a New Metric for Ranking High Performance Computing Systems},
number = {SAND2013-4744},
institution= {Sandia National Laboratories},
year = 2013
}

@book{UTrottenberg_CWOosterlee_ASchueller_2000a,
	Address = {London},
	Author = {U. Trottenberg and C. W. Oosterlee and A. Sch{\"u}ller},
	Publisher = {Academic Press},
	Title = {Multigrid},
	Year = {2001}}

@article{Brandt-77,
	Author = {Brandt, A.},
	Journal = {Math. Comput.},
	Pages = {333-390},
	Title = {Multi-level adaptive solutions to boundary value problems},
	Volume = {31},
	Year = {1977}}

@misc{HPGMG,
  author={Adams, Mark and Brown, Jed and Shalf, John and Van Straalen, Brian and Strohmaier, Erich and Williams, Sam},  
  howpublished = {https://bitbucket.org/hpgmg/hpgmg},
  title = {{HPGMG}},
  year = {2014},
}

@inproceedings{Adams-01b,
	Address = {Denver, Colorado},
	Author = {Adams, M.~F.},
	Booktitle = {ACM/IEEE Proceedings of SC2001: High Performance Networking and Computing},
	Month = {November},
	Title = {A Distributed Memory Unstructured {G}auss--{S}eidel Algorithm for Multigrid Smoothers},
	Year = {2001}}
