
@article{dennis2012computational,
  title={Computational performance of ultra-high-resolution capability in the Community Earth System Model},
  author={Dennis, John M and Vertenstein, Mariana and Worley, Patrick H and Mirin, Arthur A and Craig, Anthony P and Jacob, Robert and Mickelson, Sheri},
  journal={International Journal of High Performance Computing Applications},
  volume={26},
  number={1},
  pages={5--16},
  year={2012},
  publisher={SAGE Publications}
}


@misc{Top500,
  howpublished = {http://www.top500.org/},
  title = {Top 500 Supercomputer Sites},
  author = {Top500},
  year = {2013},
}

@article{strohmaier2009generalized,
  title={Generalized utility metrics for supercomputers},
  author={Strohmaier, Erich},
  journal={Computer Science-Research and Development},
  volume={23},
  number={3-4},
  pages={185--193},
  year={2009},
  publisher={Springer}
}

@TECHREPORT{Dongarra_2013,
author = {J. Dongarra and M.A. Heroux},
title = {Toward a New Metric for Ranking High Performance Computing Systems},
number = {SAND2013-4744},
institution= {Sandia National Laboratories},
year = 2013
}

@misc{HPGMG,
  author={Adams, Mark and Brown, Jed and Shalf, John and Van Straalen, Brian and Strohmaier, Erich and Williams, Sam},  
  howpublished = {https://bitbucket.org/hpgmg/hpgmg},
  title = {{HPGMG}},
  year = {2014},
}


@article{Brandt-77,
	Author = {Brandt, A.},
	Journal = {Math. Comput.},
	Pages = {333-390},
	Title = {Multi-level adaptive solutions to boundary value problems},
	Volume = {31},
	Year = {1977}}

@article{Adams-10a,
	Author = {Adams. M.F. and Samtaney, R. and Brandt, A.},
	Doi = {DOI: 10.1016/j.jcp.2010.04.024},
	Issn = {0021-9991},
	Journal = {Journal of Computational Physics},
	Keywords = {Implicit magnetohydrodynamics},
	Number = {18},
	Pages = {6208 - 6219},
	Title = {Toward textbook multigrid efficiency for fully implicit resistive magnetohydrodynamics},
	Url = {http://www.sciencedirect.com/science/article/B6WHY-4YY8N52-2/2/4a06d49560a7f24a4da5bb25d0c75d62},
	Volume = {229},
	Year = {2010},
	Bdsk-Url-1 = {http://www.sciencedirect.com/science/article/B6WHY-4YY8N52-2/2/4a06d49560a7f24a4da5bb25d0c75d62},
	Bdsk-Url-2 = {http://dx.doi.org/10.1016/j.jcp.2010.04.024}}
